[gd_scene load_steps=4 format=2]

[ext_resource path="res://other/ui.theme" type="Theme" id=1]
[ext_resource path="res://scripts/mirror_choice_popup.gd" type="Script" id=2]
[ext_resource path="res://sprites/base-color.png" type="Texture" id=3]

[node name="Choice" type="Popup"]
margin_right = 144.0
margin_bottom = 144.0
rect_clip_content = true
theme = ExtResource( 1 )
script = ExtResource( 2 )
__meta__ = {
"_edit_use_anchors_": false
}

[node name="TextureRect" type="TextureRect" parent="."]
margin_right = 144.0
margin_bottom = 144.0
texture = ExtResource( 3 )
stretch_mode = 2

[node name="VBoxContainer" type="VBoxContainer" parent="."]
margin_right = 144.0
margin_bottom = 144.0
theme = ExtResource( 1 )
alignment = 1
__meta__ = {
"_edit_use_anchors_": false
}

[node name="Label" type="Label" parent="VBoxContainer"]
margin_top = 15.0
margin_right = 144.0
margin_bottom = 50.0
text = "MIRROR
Travel to:"
align = 1
valign = 1
__meta__ = {
"_edit_use_anchors_": false
}

[node name="pastel" type="Button" parent="VBoxContainer"]
margin_top = 60.0
margin_right = 144.0
margin_bottom = 76.0
shortcut_in_tooltip = false
text = "Pastel"
flat = true
__meta__ = {
"_edit_use_anchors_": false
}

[node name="blue" type="Button" parent="VBoxContainer"]
margin_top = 86.0
margin_right = 144.0
margin_bottom = 102.0
shortcut_in_tooltip = false
text = "Blue"

[node name="pink" type="Button" parent="VBoxContainer"]
margin_top = 112.0
margin_right = 144.0
margin_bottom = 128.0
shortcut_in_tooltip = false
text = "Pink"
[connection signal="about_to_show" from="." to="." method="about_to_show"]
[connection signal="pressed" from="VBoxContainer/pastel" to="." method="_pastel_click"]
[connection signal="pressed" from="VBoxContainer/blue" to="." method="_blue_click"]
[connection signal="pressed" from="VBoxContainer/pink" to="." method="_pink_click"]
